@article{mnih-dqn-2015,
    Author = {Mnih, Volodymyr and Kavukcuoglu, Koray and Silver, David and Rusu, Andrei A. and
    Veness, Joel and Bellemare, Marc G. and Graves, Alex and Riedmiller, Martin and Fidjeland,
    Andreas K. and Ostrovski, Georg and Petersen, Stig and Beattie, Charles and Sadik, Amir and
    Antonoglou, Ioannis and King, Helen and Kumaran, Dharshan and Wierstra, Daan and Legg, Shane and
    Hassabis, Demis},
    Date = {2015/02/26/print},
    Date-Added = {2015-03-03 15:43:42 +0000},
    Date-Modified = {2015-03-03 15:43:42 +0000},
    Day = {26},
    Isbn = {0028-0836},
    Journal = {Nature},
    L3 = {10.1038/nature14236;http://www.nature.com/nature/journal/v518/n7540/abs/nature14236.html#supplementary-information},
    M3 = {Letter},
    Month = {02},
    Number = {7540},
    Pages = {529--533},
    Publisher = {Nature Publishing Group, a division of Macmillan Publishers Limited. All Rights Reserved.},
    Title = {Human-level control through deep reinforcement learning},
    Ty = {JOUR},
    Volume = {518},
    Year = {2015},
}

@incollection{mnih-atari-2013,
  title = {Playing Atari With Deep Reinforcement Learning},
  author = {Volodymyr Mnih and Koray Kavukcuoglu and David Silver and Alex Graves and Ioannis Antonoglou and Daan Wierstra and Martin Riedmiller},
  booktitle = {NIPS Deep Learning Workshop},
  year = {2013}
}

@incollection{nips-atari-2014,
  title = {Deep Learning for Real-Time Atari Game Play Using Offline Monte-Carlo Tree Search Planning},
  author = {Guo, Xiaoxiao and Singh, Satinder and Lee, Honglak and Lewis, Richard L and Wang, Xiaoshi},
  booktitle = {Advances in Neural Information Processing Systems 27},
  editor = {Z. Ghahramani and M. Welling and C. Cortes and N.D. Lawrence and K.Q. Weinberger},
  pages = {3338--3346},
  year = {2014},
  publisher = {Curran Associates, Inc.},
}

@ARTICLE{bellemare13arcade,
  author = {{Bellemare}, M.~G. and {Naddaf}, Y. and {Veness}, J. and {Bowling}, M.},
  title = {The Arcade Learning Environment: An Evaluation Platform for General Agents},
  journal = {Journal of Artificial Intelligence Research},
  year = 2013,
  month = 06,
  volume = 47,
  pages = {253--279}
}

@book{Sutton_1998,
  author = {Sutton, Richard S. and Barto, Andrew G.},
  title = {Introduction to Reinforcement Learning},
  year = {1998},
  isbn = {0262193981},
  edition = {1st},
  publisher = {MIT Press},
  address = {Cambridge, MA, USA},
} 

@article{speech,
  author       = {George Dahl and Dong Yu and Li Deng and Alex Acero},
  journal      = {IEEE Transactions on Audio, Speech, and Language Processing},
  month        = {January},
  number       = {1},
  pages        = {30-42},
  title        = {Context-Dependent Pre-trained Deep Neural Networks for Large Vocabulary Speech Recognition},
  volume       = {20},
  year         = {2012},
}

@INPROCEEDINGS{image_classification,
  author = {Alex Krizhevsky and Ilya Sutskever and Geoffrey E. Hinton},
  title = {Imagenet classification with deep convolutional neural networks},
  booktitle = {Advances in Neural Information Processing Systems},
  year = {2012}
}

@inproceedings{speech_2,
  added-at = {2013-11-02T00:00:00.000+0100},
  author = {Graves, Alex and rahman Mohamed, Abdel and Hinton, Geoffrey E.},
  biburl = {http://www.bibsonomy.org/bibtex/28bb8304f2b2e3a21c4c40719b0c60dd5/dblp},
  booktitle = {ICASSP},
  crossref = {conf/icassp/2013},
  ee = {http://dx.doi.org/10.1109/ICASSP.2013.6638947},
  interhash = {1cd74ce6e8dae51149cd2b2d0f08f81a},
  intrahash = {8bb8304f2b2e3a21c4c40719b0c60dd5},
  keywords = {dblp},
  pages = {6645-6649},
  publisher = {IEEE},
  timestamp = {2013-11-05T11:36:31.000+0100},
  title = {Speech recognition with deep recurrent neural networks.},
  year = 2013
}

@inproceedings{caffe,
  author = {Jia, Yangqing and Shelhamer, Evan and Donahue, Jeff and Karayev, Sergey and Long,
  Jonathan and Girshick, Ross and Guadarrama, Sergio and Darrell, Trevor},
  title = {Caffe: Convolutional Architecture for Fast Feature Embedding},
  booktitle = {Proceedings of the 22Nd ACM International Conference on Multimedia},
  series = {MM '14},
  year = {2014},
  isbn = {978-1-4503-3063-3},
  location = {Orlando, Florida, USA},
  pages = {675--678},
  numpages = {4},
  doi = {10.1145/2647868.2654889},
  acmid = {2654889},
  publisher = {ACM},
  address = {New York, NY, USA},
  keywords = {computer vision, machine learning, neural networks, open source, parallel
  computation},
} 

@article{nguyen2015deep,
  title={Deep Neural Networks are Easily Fooled: High Confidence Predictions for Unrecognizable Images},
  author={Nguyen, Anh and Yosinski, Jason and Clune, Jeff},
  journal={Computer Vision and Pattern Recognition (CVPR)},
  year={2015},
  organization={IEEE}
}

@article{szegedy2013intriguing,
  title={Intriguing properties of neural networks},
  author={Szegedy, Christian and Zaremba, Wojciech and Sutskever, Ilya and Bruna, Joan and Erhan,
    Dumitru and Goodfellow, Ian and Fergus, Rob},
  journal={arXiv preprint arXiv:1312.6199},
  year={2013}
}

@article{schaul2015prioritized,
  title={Prioritized Experience Replay},
  author={Schaul, Tom and Quan, John and Antonoglou, Ioannis and Silver, David},
  journal={arXiv preprint arXiv:1511.05952},
  year={2015}
}

@INPROCEEDINGS{Moore93prioritizedsweeping,
  author = {Andrew W. Moore and Christopher G. Atkeson},
  title = {Prioritized sweeping: Reinforcement learning with less data and less time},
  booktitle = {Machine Learning},
  year = {1993},
  pages = {103--130}
}

@article{wang2015dueling,
  title={Dueling Network Architectures for Deep Reinforcement Learning},
  author={Wang, Ziyu and de Freitas, Nando and Lanctot, Marc},
  journal={arXiv preprint arXiv:1511.06581},
  year={2015}
}

@article{tampuu2015multiagent,
  title={Multiagent Cooperation and Competition with Deep Reinforcement Learning},
  author={Tampuu, Ardi and Matiisen, Tambet and Kodelja, Dorian and Kuzovkin, Ilya and Korjus,
    Kristjan and Aru, Juhan and Aru, Jaan and Vicente, Raul},
  journal={arXiv preprint arXiv:1511.08779},
  year={2015}
}

@article{van2015deep,
  title={Deep Reinforcement Learning with Double Q-learning},
  author={van Hasselt, Hado and Guez, Arthur and Silver, David},
  journal={arXiv preprint arXiv:1509.06461},
  year={2015}
}

@book{stenninghuman,
  title={Human Reasoning and Cognitive Science},
  author={Stenning, K. and van Lambalgen, M.},
  publisher={MIT Press},
  year={2008}
}

@article{stadie2015incentivizing,
  title={Incentivizing Exploration In Reinforcement Learning With Deep Predictive Models},
  author={Stadie, Bradly C and Levine, Sergey and Abbeel, Pieter},
  journal={arXiv preprint arXiv:1507.00814},
  year={2015}
}

